%% This BibTeX bibliography file was created using BibDesk.
%% https://bibdesk.sourceforge.io/

%% Created for 김영근 at 2018-10-31 13:07:23 +0900 


%% Saved with string encoding Unicode (UTF-8) 



@book{Agresti:2007aa,
	Author = {Alan Agresti},
	Date-Added = {2018-10-31 13:06:16 +0900},
	Date-Modified = {2018-10-31 13:07:03 +0900},
	Edition = {2},
	Isbn = {0471226181},
	Month = {Mar},
	Publisher = {Wiley},
	Title = {An Introduction to Categorical Data Analysis},
	Year = {2007}}

@book{McCullagh:1989aa,
	Author = {P. McCullagh and John A. Nelder},
	Date-Added = {2018-10-30 16:58:38 +0900},
	Date-Modified = {2018-10-30 16:58:38 +0900},
	Isbn = {0412317605},
	Month = {Aug},
	Publisher = {CRC Press},
	Title = {Generalized Linear Models, Second Edition},
	Year = {1989}}

@book{Agresti:2012aa,
	Author = {Alan Agresti},
	Date-Added = {2018-10-20 21:24:46 +0900},
	Date-Modified = {2018-10-30 16:58:56 +0900},
	Edition = {3},
	Isbn = {9780470463635},
	Month = {Dec},
	Publisher = {Wiley},
	Title = {Categorical Data Analysis},
	Year = {2012}}
